%Literature CSS2: Digital Challenges to Institutions --- WS 21-22 ---  Prof. Jungherr

@misc{evs2017,
  author={EVS},
  year={2020},
  title={European Values Study 2017: Integrated Dataset (EVS 2017)},
  howpublished={GESIS Data Archive. Cologne},
  note={Accessed: 01.04.2022}
}

@misc{wvsWave7,
  author = {Haerpfer, Christian W. and Inglehart, Ronald F. and Moreno, Alejandro and Welzl, Christian and Kizilova, Kseniya and Díez-Medrano, Jaime and Lagos, Marta and Norris, Pippa and Ponarin, Eduard and Puranen, Bi},
  year = {2022},
  title = {World Values Survey: Round Seven --- Country-Pooled Datafile Version 3.0},
  howpublished = {JD Systems Institute & WVSA Secretariat. Madrid, Spain & Vienna, Austria},
  note = {Accessed: 04.04.2022}
  }
  
@article{bengtsson2009direct,
  title={Direct democracy and its critics: Support for direct democracy and ‘stealth’democracy in Finland},
  author={Bengtsson, {\AA}sa and Mattila, Mikko},
  journal={West European Politics},
  volume={32},
  number={5},
  pages={1031--1048},
  year={2009},
  publisher={Taylor \& Francis}
}

@article{donovan2006popular,
  title={Popular support for direct democracy},
  author={Donovan, Todd and Karp, Jeffrey A},
  journal={Party politics},
  volume={12},
  number={5},
  pages={671--688},
  year={2006},
  publisher={Sage Publications Sage CA: Thousand Oaks, CA}
}

@article{mudde2004populist,
  title={The populist zeitgeist},
  author={Mudde, Cas},
  journal={Government and opposition},
  volume={39},
  number={4},
  pages={541--563},
  year={2004},
  publisher={Wiley Online Library}
}

@book{laclau2005populist,
  title={On populist reason},
  author={Laclau, Ernesto},
  year={2005},
  publisher={Verso}
}

@book{müller2016populismus,
  title={Was ist {Populismus}? Ein {Essay}},
  author={Müller, Jan-Werner},
  year={2016},
  publisher={Suhrkamp}
}

@incollection{hawkins2018ideational,
  editor={Hawkins, Kirk E. and Carlin, Ryan E. and Littvay, Levente and Rovira Kaltwasser, Cristóbal},
  booktitle={The Ideational Approach to Populism. Concept, Theory, and Analysis},
  author={Hawkins, Kirk E. and Rovira Kaltwasser, Cristóbal},
  chapter={1},
  title={Introduction. The ideational approach},
  year={2018},
  publisher={Routledge}
}

@article{font2015participation,
  title={Participation, representation and expertise: Citizen preferences for political decision-making processes},
  author={Font, Joan and Wojcieszak, Magdalena and Navarro, Clemente J},
  journal={Political Studies},
  volume={63},
  pages={153--172},
  year={2015},
  publisher={Wiley Online Library}
}

@article{mcdonnell2014defining,
  title={Defining and classifying technocrat-led and technocratic governments},
  author={McDonnell, Duncan and Valbruzzi, Marco},
  journal={European Journal of Political Research},
  volume={53},
  number={4},
  pages={654--671},
  year={2014},
  publisher={Wiley Online Library}
}

@incollection{caramani2020technocratic,
  author={Caramani, Daniele},
  title={The technocratic challenge to democracy},
  booktitle={The Technocratic Challenge to Democracy},
  editor={Bertsou, Eri and Caramani, Daniele},
  publisher={Routledge},
  year={2020}
}

@incollection{alexiadou2020technocrats,
  author = {Alexiadou, Despina},
  title = {Technocrats in Cabinets and Their Policy Effects},
  booktitle = {The Technocratic Challenge to Democracy},
  editor = {Bertsou, Eri and Caramani, Daniele},
  publisher = {Routledge},
  year = {2020}
}

@article{joignant2011technopols,
  title={The Politics of Technopols: Resources, Political Competence and Collective Leadership in Chile, 1990-2010},
  author={Joignant, Alfredo},
  journal={Journal of Latin American Studies},
  volume={43},
  number={3},
  pages={517--546},
  year={2011}
}

@incollection{bickerton2020technocracy,
  title={Technocracy and political theory},
  author={Bickerton, Christopher and Accetti, Carlo Invernizzi},
  booktitle={The Technocratic Challenge to Democracy},
  pages={29--43},
  year={2020},
  publisher={Routledge}
}

@book{habermas2015lure,
  title={The lure of technocracy},
  author={Habermas, J{\"u}rgen},
  year={2015},
  publisher={John Wiley \& Sons}
}

@book{dahl_onDemocracy,
  title={On Democracy},
  author={Dahl, Robert A.},
  year={2020},
  publisher={Veritas}
}

@article{bertsou2022people,
  title={People haven't had enough of experts: Technocratic attitudes among citizens in nine European democracies},
  author={Bertsou, Eri and Caramani, Daniele},
  journal={American Journal of Political Science},
  volume={66},
  number={1},
  pages={5--23},
  year={2022},
  publisher={Wiley Online Library}
}

@article{bertsou2022bring,
  title={Bring in the experts? Citizen preferences for independent experts in political decision-making processes},
  author={Bertsou, Eri},
  journal={European Journal of Political Research},
  volume={61},
  number={1},
  pages={255--267},
  year={2022},
  publisher={Wiley Online Library}
}

@book{bertsou2020measuring,
  title={Measuring technocracy},
  author={Bertsou, Eri and Caramani, Daniele},
  booktitle={The Technocratic Challenge to Democracy},
  pages={91--109},
  year={2020},
  publisher={Routledge},
  URL={http://eribertsou.com/wp-content/uploads/2021/03/Bertsou-and-Caramani-2020-Measuring-Technocracy.pdf}
}

@article{bertsou2017technocratic,
  title={Technocratic discourse codebook},
  author={Bertsou, Eri and Caramani, Daniele and others},
  journal={IPZ working papers},
  year={2017},
  publisher={Institut f{\"u}r Politikwissenschaft der Universit{\"a}t Z{\"u}rich}
}

@article{chiru2022wants,
  title={Who wants technocrats? A comparative study of citizen attitudes in nine young and consolidated democracies},
  author={Chiru, Mihail and Enyedi, Zsolt},
  journal={The British Journal of Politics and International Relations},
  volume={24},
  number={1},
  pages={95--112},
  year={2022},
  publisher={SAGE Publications Sage UK: London, England}
}

@incollection{lobo2020eu,
  title={The EU between technocratic and democratic legitimacy},
  author={Lobo, Marina Costa and McManus, Ian},
  booktitle={The Technocratic Challenge to Democracy},
  pages={199--215},
  year={2020},
  publisher={Routledge}
}

@article{lavezzolo2021will,
  title={The will for reason: Voter demand for experts in office},
  author={Lavezzolo, Sebastian and Ramiro, Luis and Fern{\'a}ndez-Vazquez, Pablo},
  journal={West European Politics},
  volume={44},
  number={7},
  pages={1506--1531},
  year={2021},
  publisher={Taylor \& Francis}
}

@article{heyne2021expert,
  title={Expert: innen an die Macht? Covid-19 und die Technokratisierung der Politik},
  author={Heyne, Lea},
  journal={One Year with Covid-19},
  pages={71--80},
  year={2021},
  publisher={DemocracyNet}
}

@article{bertsou2020public,
  title={Public demand for technocratic expertise rises in times of crisis. what does this mean for democracy?},
  author={Bertsou, Eri},
  journal={LSE European Politics and Policy (EUROPP) blog},
  year={2020},
  publisher={London School of Economics and Political Science}
}

@article{caramani2017will,
  title={Will vs. reason: The populist and technocratic forms of political representation and their critique to party government},
  author={Caramani, Daniele},
  journal={American Political Science Review},
  volume={111},
  number={1},
  pages={54--67},
  year={2017},
  publisher={Cambridge University Press}
}

@book{bloom2019disruptive,
  title={Disruptive democracy: The clash between techno-populism and techno-democracy},
  author={Bloom, Peter and Sancino, Alessandro},
  year={2019},
  publisher={Sage}
}

@article{coffe2014education,
  title={Education and support for representative, direct and stealth democracy},
  author={Coff{\'e}, Hilde and Michels, Ank},
  journal={Electoral Studies},
  volume={35},
  pages={1--11},
  year={2014},
  publisher={Elsevier}
}

@article{franzen2007sozialkapital,
  title={Sozialkapital: Konzeptualisierungen und Messungen},
  author={Franzen, Axel and Pointner, Sonja},
  journal={Sozialkapital. Grundlagen und Anwendungen. Sonderheft},
  volume={47},
  pages={66--90},
  year={2007}
}

@book{wenzelburger2014statistische,
  author = {Wenzelburger, Georg and Jäckle, Sebastian and König, Pascal},
  title = {{Weiterführende Statistische Methoden für Politikwissenschaftler. Eine Anwendungsbezogene Einführung mit STATA}},
  publisher = {De Gruyter Oldenbourg Wissenschaftsverlag},
  year = {2014}
}

@article{windholz2020governing,
  title={Governing in a pandemic: from parliamentary sovereignty to autocratic technocracy},
  author={Windholz, Eric L},
  journal={The Theory and Practice of Legislation},
  volume={8},
  number={1-2},
  pages={93--113},
  year={2020},
  publisher={Taylor \& Francis}
}

@article{bylund2021separation,
  title={Separation of power and expertise: evidence of the tyranny of experts in Sweden's COVID-19 responses},
  author={Bylund, Per L and Packard, Mark D},
  journal={Southern Economic Journal},
  volume={87},
  number={4},
  pages={1300--1319},
  year={2021},
  publisher={Wiley Online Library}
}

@article{kuhlmann2021tracing,
  title={Tracing divergence in crisis governance: responses to the COVID-19 pandemic in France, Germany and Sweden compared},
  author={Kuhlmann, Sabine and Hellstr{\"o}m, Mikael and Ramberg, Ulf and Reiter, Renate},
  journal={International Review of Administrative Sciences},
  volume={87},
  number={3},
  pages={556--575},
  year={2021},
  publisher={SAGE Publications Sage UK: London, England}
}

@misc{FAZ2020virologen,
  author = {Frankfurter Allgemeine Zeitung (FAZ)},
  year = {2020},
  title = {Diese Virologen haben das Regiment übernommen},
  howpublished = {Available under: https://www.faz.net/aktuell/gesellschaft/diese-virologen-haben-waehrend-der-corona-krise-das-regiment-uebernommen-16692489.html},
  note = {Accessed: 12.04.2022}
}

@misc{wvs2022info,
  author = {WVS},
  year = {2022},
  title = {World Values Survey (WVS). Who we are},
  howpublished = {Available under: https://www.worldvaluessurvey.org/WVSContents.jsp},
  note = {Accessed: 12.04.2022}
}

@article{ganuza2020experts,
  title={Experts in Government: What for? Ambiguities in Public Opinion Towards Technocracy},
  author={Ganuza, Ernesto and Font, Joan},
  journal={Politics and Governance},
  volume={8},
  number={4},
  pages={520--532},
  year={2020}
}

@article{buvstikova2019state,
  title={The state as a firm: Understanding the autocratic roots of technocratic populism},
  author={Bu{\v{s}}t{\'\i}kov{\'a}, Lenka and Guasti, Petra},
  journal={East European Politics and Societies},
  volume={33},
  number={2},
  pages={302--330},
  year={2019},
  publisher={SAGE Publications Sage CA: Los Angeles, CA}
}

@article{bertsou2017technocratic,
  title={Technocratic attitudes: a citizens’ perspective of expert decision-making},
  author={Bertsou, Eri and Pastorella, Giulia},
  journal={West European Politics},
  volume={40},
  number={2},
  pages={430--458},
  year={2017},
  publisher={Taylor \& Francis}
}

@article{lavezzolo2021will,
  title={The will for reason: Voter demand for experts in office},
  author={Lavezzolo, Sebastian and Ramiro, Luis and Fern{\'a}ndez-V{\'a}zquez, Pablo},
  journal={West European Politics},
  volume={44},
  number={7},
  pages={1506--1531},
  year={2021},
  publisher={Taylor \& Francis}
}

@article{pastorella2016technocratic,
  title={Technocratic governments in Europe: getting the critique right},
  author={Pastorella, Giulia},
  journal={Political Studies},
  volume={64},
  number={4},
  pages={948--965},
  year={2016},
  publisher={SAGE Publications Sage UK: London, England}
}

@inproceedings{pastorella2014have,
  title={Why have technocrats been appointed to govern European democracies},
  author={Pastorella, Giulia},
  booktitle={UACES General Conference. Cork},
  pages={1--3},
  year={2014}
}

@article{wratil2018dodging,
  title={Dodging the bullet: How crises trigger technocrat-led governments},
  author={Wratil, Christopher and Pastorella, Giulia},
  journal={European Journal of Political Research},
  volume={57},
  number={2},
  pages={450--472},
  year={2018},
  publisher={Wiley Online Library}
}

@book{hibbing2002stealth,
  title={Stealth democracy: Americans' beliefs about how government should work},
  author={Hibbing, John R and Theiss-Morse, Elizabeth},
  year={2002},
  publisher={Cambridge University Press}
}

@article{ecker2016corruption,
  title={Corruption performance voting and the electoral context},
  author={Ecker, Alejandro and Glinitzer, Konstantin and Meyer, Thomas M},
  journal={European Political Science Review},
  volume={8},
  number={3},
  pages={333--354},
  year={2016},
  publisher={Cambridge University Press}
}

@article{chiru2012voter,
  title={When voter loyalty fails: Party performance and corruption in Bulgaria and Romania},
  author={Chiru, Mihail and Gherghina, Sergiu},
  journal={European Political Science Review},
  volume={4},
  number={1},
  pages={29--49},
  year={2012},
  publisher={Cambridge University Press}
}

@article{charron2016ideology,
  title={Ideology, party systems and corruption voting in European democracies},
  author={Charron, Nicholas and B{\aa}genholm, Andreas},
  journal={Electoral Studies},
  volume={41},
  pages={35--49},
  year={2016},
  publisher={Elsevier}
}

@article{ziller2015pure,
  title={“The pure people” versus “the corrupt elite”? Political corruption, political trust and the success of radical right parties in Europe},
  author={Ziller, Conrad and Sch{\"u}bel, Thomas},
  journal={Journal of Elections, Public Opinion and Parties},
  volume={25},
  number={3},
  pages={368--386},
  year={2015},
  publisher={Taylor \& Francis}
}

@article{hooghe2011distrusting,
  title={Where do distrusting voters turn if there is no viable exit or voice option? The impact of political trust on electoral behaviour in the Belgian regional elections of June 2009 1},
  author={Hooghe, Marc and Marien, Sofie and Pauwels, Teun},
  journal={Government and opposition},
  volume={46},
  number={2},
  pages={245--273},
  year={2011},
  publisher={Cambridge University Press}
}